@book{vhdl_douglas,
	author = {Perry, Douglas L.},
	title = {VHDL /},
	publisher = {McGraw-Hill,},
	year = {1998},
	address = {New York, NY [u.a.] :},
	edition = {3. ed.},
	note = {Previous ed.: 1994},
	url = {http://www.loc.gov/catdir/enhancements/fy0602/98016663-t.html}
}
@book{1159477,
	author = {Meyer-Baese, Uwe,},
	title = {Digital Signal Processing with Field Programmable Gate Arrays /},
	publisher = {Springer,},
	year = {2014},
	series = {Signals and Communication Technology},
	address = {Berlin, Heidelberg :},
	edition = {4th ed. 2014},
	url = {http://dx.doi.org/10.1007/978-3-642-45309-0}
}
@misc{ahdl,
	url={http://www.xilinx.info/_altera/html/_sw/q2help/source/ahdl/ahdl_pro_design_state_machine.htm},
	title={Designing State Machines (AHDL)}} 